<record><leader>00000cas a2200000 a 4500</leader><controlfield tag="001">11085233</controlfield><controlfield tag="008">840824d18981900ksuwr ne      0   a0eng d</controlfield><datafield ind1=" " ind2=" " tag="010"><subfield code="a">sn 84029517 </subfield></datafield><datafield ind1=" " ind2=" " tag="040"><subfield code="a">KSH</subfield><subfield code="b">eng</subfield><subfield code="c">KSH</subfield><subfield code="d">NPT</subfield><subfield code="d">OCL</subfield><subfield code="d">OCLCQ</subfield></datafield><datafield ind1=" " ind2=" " tag="042"><subfield code="a">msc</subfield></datafield><datafield ind1="0" ind2="4" tag="245"><subfield code="a">The Wathena weekly star.</subfield></datafield><datafield ind1=" " ind2=" " tag="260"><subfield code="a">Wathena, Kan. :</subfield><subfield code="b">Pool Grinstead,</subfield><subfield code="c">1898-1900.</subfield></datafield><datafield ind1=" " ind2=" " tag="300"><subfield code="a">4 v. :</subfield><subfield code="b">ill. ;</subfield><subfield code="c">64 cm.</subfield></datafield><datafield ind1=" " ind2=" " tag="310"><subfield code="a">Weekly</subfield></datafield><datafield ind1="0" ind2=" " tag="362"><subfield code="a">Vol. 2, no. 39 (Jan. 28, 1898)-v. 5, no. 1 (May 4, 1900) = Whole no. 90-no. 209.</subfield></datafield><datafield ind1=" " ind2=" " tag="752"><subfield code="a">United States</subfield><subfield code="b">Kansas</subfield><subfield code="c">Doniphan</subfield><subfield code="d">Wathena.</subfield></datafield><datafield ind1="0" ind2="0" tag="780"><subfield code="t">Wathena star</subfield><subfield code="w">(DLC)sn 84029516</subfield></datafield></record>